<record xmlns="http://www.loc.gov/MARC21/slim" xmlns:xsi="http://www.w3.org/2001/XMLSchema-instance" xsi:schemaLocation="http://www.loc.gov/MARC21/slim http://www.loc.gov/standards/marcxml/schema/MARC21slim.xsd"><leader>02410nam a2200373   4500</leader><controlfield tag="001">001680852</controlfield><controlfield tag="003">NNU</controlfield><controlfield tag="006">m        d        </controlfield><controlfield tag="007">cr cn |||m|||a</controlfield><controlfield tag="008">150116s1967    iq      o     000 0 ara d</controlfield><datafield ind1=" " ind2=" " tag="040"><subfield code="a">NNU</subfield><subfield code="b">eng</subfield><subfield code="c">NNU</subfield></datafield><datafield ind1="0" ind2="0" tag="050"><subfield code="a">PJ7808.M3</subfield><subfield code="b">T338 1968</subfield></datafield><datafield ind1="1" ind2=" " tag="100"><subfield code="6">880-01</subfield><subfield code="a">Sama&#772;wi&#772;, Ah&#803;mad al-Shaykh &#699;Abd al-H&#803;ami&#772;d.</subfield></datafield><datafield ind1="1" ind2="0" tag="245"><subfield code="6">880-02</subfield><subfield code="a">Ma&#699;a I&#772;liya&#772; Abi&#772; Ma&#772;d&#803;i&#772; fi&#772; T&#803;ala&#772;simih</subfield><subfield code="h">[electronic resource] :</subfield><subfield code="b">wa-huwa sharh&#803; li-manz&#803;u&#772;mat &#699;Abd al-H&#803;ami&#772;d al-Sama&#772;wi&#772; allati&#772; radd biha&#772; &#699;ala&#769; t&#803;ala&#772;sim I&#772;liya&#772; Abu&#772; Ma&#772;d&#803;i&#772; /</subfield><subfield code="c">Ah&#803;mad al-Shaykh &#699;Abd al-H&#803;ami&#772;d al-Sama&#772;wi&#772;.</subfield></datafield><datafield ind1=" " ind2=" " tag="260"><subfield code="6">880-03</subfield><subfield code="a">Najaf :</subfield><subfield code="b">Mat&#803;ba&#699;at al-Nu&#699;ma&#772;n,</subfield><subfield code="c">1967.</subfield></datafield><datafield ind1=" " ind2=" " tag="300"><subfield code="a">online resource (243 p.)</subfield></datafield><datafield ind1=" " ind2=" " tag="500"><subfield code="a">&#699;Abd al-H&#803;ami&#772;d Sama&#772;wi&#772;'s verse parody of I&#772;liya&#772; Abu&#772; Ma&#772;d&#803;i&#772;s&#768; poem al-T&#803;ala&#772;sim, with a comm. by Ah&#803;mad Sama&#772;wi&#772;.</subfield></datafield><datafield ind1=" " ind2=" " tag="500"><subfield code="a">Part of the Arabic Collections Online (ACO) project, contributed by New York Univeristy Libraries.</subfield></datafield><datafield ind1=" " ind2=" " tag="533"><subfield code="a">Electronic reproduction.</subfield><subfield code="b">New York, N.Y. :</subfield><subfield code="c">New York University,</subfield><subfield code="d">2015.</subfield><subfield code="5">NNU</subfield></datafield><datafield ind1="1" ind2="0" tag="600"><subfield code="6">880-04</subfield><subfield code="a">Abu&#772; Ma&#772;d&#803;i&#772;, I&#772;liya&#772;,</subfield><subfield code="d">1889-1957.</subfield><subfield code="t">T&#803;ala&#772;sim.</subfield></datafield><datafield ind1="1" ind2="0" tag="600"><subfield code="6">880-05</subfield><subfield code="a">Sama&#772;wi&#772;, &#699;Abd al-H&#803;ami&#772;d.</subfield><subfield code="t">Fawqa athba&#772;j al-t&#803;abi&#772;&#699;ah.</subfield></datafield><datafield ind1="1" ind2="2" tag="700"><subfield code="6">880-06</subfield><subfield code="a">Sama&#772;wi&#772;, &#699;Abd al-H&#803;ami&#772;d.</subfield><subfield code="t">Fawqa athba&#772;j al-t&#803;abi&#772;&#699;ah.</subfield></datafield><datafield ind1="2" ind2=" " tag="710"><subfield code="a">New York University.</subfield><subfield code="b">Libraries.</subfield></datafield><datafield ind1="0" ind2=" " tag="730"><subfield code="a">Arabic Collections Online.</subfield></datafield><datafield ind1="0" ind2="8" tag="776"><subfield code="i">Print version:</subfield><subfield code="a">Sama&#772;wi&#772;, Ah&#803;mad al-Shaykh &#699;Abd al-H&#803;ami&#772;d.</subfield><subfield code="t">Ma&#699;a I&#772;liya&#772; Abi&#772; Ma&#772;d&#803;i&#772; fi&#772; T&#803;ala&#772;simih</subfield><subfield code="w">(NNU)001680852</subfield><subfield code="w">(DLC)   71244530</subfield></datafield><datafield ind1="4" ind2="0" tag="856"><subfield code="u">http://hdl.handle.net/2333.1/mgqnkc4j</subfield></datafield><datafield ind1="1" ind2=" " tag="880"><subfield code="6">100-01/</subfield><subfield code="a">&#1587;&#1605;&#1575;&#1608;&#1610;&#1548; &#1571;&#1581;&#1605;&#1583; &#1575;&#1604;&#1588;&#1610;&#1582; &#1593;&#1576;&#1583; &#1575;&#1604;&#1581;&#1605;&#1610;&#1583;.</subfield></datafield><datafield ind1="1" ind2="0" tag="880"><subfield code="6">245-02/</subfield><subfield code="a">&#1605;&#1593; &#1573;&#1610;&#1604;&#1610;&#1575; &#1571;&#1576;&#1610; &#1605;&#1575;&#1590;&#1610; &#1601;&#1610; &#1591;&#1604;&#1575;&#1587;&#1605;&#1607; :</subfield><subfield code="b">&#1608;&#1607;&#1608; &#1588;&#1585;&#1581; &#1604;&#1605;&#1606;&#1592;&#1608;&#1605;&#1577; &#1593;&#1576;&#1583; &#1575;&#1604;&#1581;&#1605;&#1610;&#1583; &#1575;&#1604;&#1587;&#1605;&#1575;&#1608;&#1610; &#1575;&#1604;&#1578;&#1610; &#1585;&#1583; &#1576;&#1607;&#1575; &#1593;&#1604;&#1609; &#1591;&#1604;&#1575;&#1587;&#1605; &#1573;&#1610;&#1604;&#1610;&#1575; &#1571;&#1576;&#1608; &#1605;&#1575;&#1590;&#1610; /</subfield><subfield code="c">&#1571;&#1581;&#1605;&#1583; &#1575;&#1604;&#1588;&#1610;&#1582; &#1593;&#1576;&#1583; &#1575;&#1604;&#1581;&#1605;&#1610;&#1583; &#1575;&#1604;&#1587;&#1605;&#1575;&#1608;&#1610;.</subfield></datafield><datafield ind1=" " ind2=" " tag="880"><subfield code="6">260-03/</subfield><subfield code="a">&#1606;&#1580;&#1601; :</subfield><subfield code="b">&#1605;&#1591;&#1576;&#1593;&#1577; &#1575;&#1604;&#1606;&#1593;&#1605;&#1575;&#1606;&#1548;</subfield><subfield code="c">&#1633;&#1641;&#1638;&#1639;.</subfield></datafield><datafield ind1="1" ind2="4" tag="880"><subfield code="6">600-04/</subfield><subfield code="a">&#1571;&#1576;&#1608; &#1605;&#1575;&#1590;&#1610;&#1548; &#1573;&#1610;&#1604;&#1610;&#1575;.</subfield><subfield code="t">&#1591;&#1604;&#1575;&#1587;&#1605;.</subfield></datafield><datafield ind1="1" ind2="4" tag="880"><subfield code="6">600-05/</subfield><subfield code="a">&#1587;&#1605;&#1575;&#1608;&#1610;&#1548; &#1593;&#1576;&#1583; &#1575;&#1604;&#1581;&#1605;&#1610;&#1583;.</subfield><subfield code="t">&#1601;&#1608;&#1602; &#1571;&#1579;&#1576;&#1575;&#1580; &#1575;&#1604;&#1591;&#1576;&#1610;&#1593;&#1577;.</subfield></datafield><datafield ind1="1" ind2="2" tag="880"><subfield code="6">700-06/</subfield><subfield code="a">&#1587;&#1605;&#1575;&#1608;&#1610;&#1548; &#1593;&#1576;&#1583; &#1575;&#1604;&#1581;&#1605;&#1610;&#1583;.</subfield><subfield code="t">&#1601;&#1608;&#1602; &#1571;&#1579;&#1576;&#1575;&#1580; &#1575;&#1604;&#1591;&#1576;&#1610;&#1593;&#1577;.</subfield></datafield><datafield ind1=" " ind2=" " tag="959"><subfield code="a">NNU</subfield><subfield code="b">WEB</subfield><subfield code="c">GENI</subfield><subfield code="t">0</subfield><subfield code="m">Electronic access</subfield><subfield code="s">01</subfield></datafield><datafield ind1=" " ind2=" " tag="999"><subfield code="i">NNU_001680852</subfield><subfield code="o" /></datafield></record>